@article{adcock2001measurement,
  title={Measurement validity: A shared standard for qualitative and quantitative research},
  author={Adcock, Robert and Collier, David},
  journal={American political science review},
  volume={95},
  number={3},
  pages={529--546},
  year={2001},
  publisher={Cambridge University Press}
}

@book{bherer2017professionalization,
  title={The Professionalization of Public Participation},
  author={Bherer, Laurence and Gauthier, Mario and Simard, Louis},
  year={2017},
  publisher={Taylor \& Francis}
}

@book{boswell2009political,
  title={The Political Uses of Expert Knowledge: Immigration Policy and Social Research},
  author={Boswell, Christina},
  year={2009},
  publisher={Cambridge University Press}
}

@book{caughey2020target,
  title={Target Estimation and Adjustment Weighting for Survey Nonresponse and Sampling Bias},
  author={Caughey, Devin and Berinsky, Adam J and Chatfield, Sara and Hartman, Erin and Schickler, Eric and Sekhon, Jasjeet S},
  year={2020},
  publisher={Cambridge University Press}
}

@article{chen2012weighting,
  title={Weighting adjustments for panel nonresponse},
  author={Chen, Qixuan and Gelman, Andrew and Tracy, Melissa and Norris, Fran H and Galea, Sandro},
  journal={New York, NY: Columbia University. Available at: http://www. stat. columbia. edu/\~{} gelman/research/unpublished/weighting\% 20adjustments},
  volume={20},
  pages={20},
  year={2012}
}

@article{converse2006nature,
  title={The nature of belief systems in mass publics (1964)},
  author={Converse, Philip E},
  journal={Critical Review: A Journal of Politics and Society},
  volume={18},
  number={1-3},
  year={2006}
}

@incollection{de2002trends,
  author={De Heer, Wim and De Leeuw, Edith},
  title={Trends in household survey nonresponse: A longitudinal and international comparison},
  editor={Groves, Robert M. and Dillman, Don A. and Eltinge, John L. and Little, Roderick J. A.},
  booktitle={Survey Nonresponse},
  publisher={Wiley},
  year={2002},
  pages={41-54},
  chapter={3}
}

@incollection{iyengar2011laboratory,
  title={Laboratory experiments in political science},
  author={Iyengar, Shanto},
  pages={73--88},
  year={2011},
  booktitle={Cambridge Handbook of Experimental Political Science},
  editor={Druckman, James N},
  year={2011},
  publisher={Cambridge University Press},
  chapter={6}
}

@article{dermont2017bringing,
  title={Bringing the policy making perspective in: A political science approach to social acceptance},
  author={Dermont, Clau and Ingold, Karin and Kammermann, Lorenz and Stadelmann-Steffen, Isabelle},
  journal={Energy policy},
  volume={108},
  pages={359--368},
  year={2017},
  publisher={Elsevier}
}

@article{geddes1990cases,
  title={How the cases you choose affect the answers you get: Selection bias in comparative politics},
  author={Geddes, Barbara},
  journal={Political analysis},
  volume={2},
  pages={131--150},
  year={1990},
  publisher={Cambridge University Press}
}

@article{gelman2007struggles,
  title={Struggles with survey weighting and regression modeling},
  author={Gelman, Andrew},
  journal={Statistical Science},
  volume={22},
  number={2},
  pages={153--164},
  year={2007},
  publisher={Institute of Mathematical Statistics}
}

@article{gupta2012socio,
  title={Socio-psychological determinants of public acceptance of technologies: a review},
  author={Gupta, Nidhi and Fischer, Arnout RH and Frewer, Lynn J},
  journal={Public understanding of Science},
  volume={21},
  number={7},
  pages={782--795},
  year={2012},
  publisher={Sage Publications Sage UK: London, England}
}

@incollection{hillygus2015practice,
  title={The practice of survey research: Changes and challenges},
  editor={Berinski, Adam},
  author={Hillygus, D Sunshine},
  booktitle={New directions in public opinion},
  pages={21--40},
  year={2015},
  publisher={Routledge}
}

@book{king1994designing,
  title={Designing Social Inquiry},
  author={King, Gary and Keohane, Robert O and Verba, Sidney},
  year={1994},
  publisher={Princeton university press}
}

@article{king2004enhancing,
  title={Enhancing the validity and cross-cultural comparability of measurement in survey research},
  author={King, Gary and Murray, Christopher JL and Salomon, Joshua A and Tandon, Ajay},
  journal={American political science review},
  volume={98},
  number={1},
  pages={191--207},
  year={2004},
  publisher={Cambridge University Press}
}

@article{lupia1994shortcuts,
  title={Shortcuts versus encyclopedias: Information and voting behavior in California insurance reform elections},
  author={Lupia, Arthur},
  journal={American Political Science Review},
  volume={88},
  number={1},
  pages={63--76},
  year={1994},
  publisher={Cambridge University Press}
}

@article{luskin1987measuring,
  title={Measuring political sophistication},
  author={Luskin, Robert C},
  journal={American Journal of Political Science},
  pages={856--899},
  year={1987},
  publisher={JSTOR}
}

@article{luskin1990explaining,
  title={Explaining political sophistication},
  author={Luskin, Robert C},
  journal={Political behavior},
  volume={12},
  number={4},
  pages={331--361},
  year={1990},
  publisher={Springer}
}

@article{otway1982beyond,
  title={Beyond acceptable risk: On the social acceptability of technologies},
  author={Otway, Harry J and Von Winterfeldt, Detlof},
  journal={Policy sciences},
  volume={14},
  number={3},
  pages={247--256},
  year={1982},
  publisher={Springer}
}

@book{page1992rational,
  title={The Rational Public: Fifty Years of Trends in Americans' Policy Preferences},
  author={Page, Benjamin I and Shapiro, Robert Y},
  year={1992},
  publisher={University of Chicago Press}
}

@article{moore1991development,
  title={Development of an instrument to measure the perceptions of adopting an information technology innovation},
  author={Moore, Gary C and Benbasat, Izak},
  journal={Information systems research},
  volume={2},
  number={3},
  pages={192--222},
  year={1991},
  publisher={INFORMS}
}

@book{norris2001digital,
  title={Digital Divide: Civic Engagement, Information Poverty, and the Internet Worldwide},
  author={Norris, Pippa and others},
  year={2001},
  publisher={Cambridge university press}
}

@article{sartori1970concept,
  title={Concept misformation in comparative politics},
  author={Sartori, Giovanni},
  journal={American political science review},
  volume={64},
  number={4},
  pages={1033--1053},
  year={1970},
  publisher={Cambridge University Press}
}

@article{shapiro2002problems,
  title={Problems, methods, and theories in the study of politics, or what's wrong with political science and what to do about it},
  author={Shapiro, Ian},
  journal={Political theory},
  volume={30},
  number={4},
  pages={596--619},
  year={2002},
  publisher={Sage Publications Sage CA: Los Angeles, CA}
}

@article{venkatesh2003user,
  title={User acceptance of information technology: Toward a unified view},
  author={Venkatesh, Viswanath and Morris, Michael G and Davis, Gordon B and Davis, Fred D},
  journal={MIS quarterly},
  pages={425--478},
  year={2003},
  publisher={JSTOR}
}

@book{zaller1992nature,
  title={The Nature and Origins of Mass Opinion},
  author={Zaller, John R.},
  year={1992},
  publisher={Cambridge university press}
}

@book{geer1996tea,
  title={From Tea Leaves to Opinion Polls: A Theory of Democratic Leadership},
  author={Geer, John Gray},
  year={1996},
  publisher={Columbia University Press}
}

@incollection{oberschall2008historical,
  author={Oberschall, Anthony},
  title={The Historical Roots of Public Opinion Research},
  editor={Donsbach, Wolfgang and Traugott, Michael W.},
  booktitle={The SAGE Handbook of Public Opinion Research},
  publisher={Sage Publications Sage CA: Los Angeles, CA},
  year={2008},
  pages={83-92},
  chapter={8}
}

@incollection{lavrakas2008surveys,
  author={Lavrakas, Paul J.},
  title={Surveys by Telephone},
  editor={Donsbach, Wolfgang and Traugott, Michael W.},
  booktitle={The SAGE Handbook of Public Opinion Research},
  publisher={Sage Publications Sage CA: Los Angeles, CA},
  year={2008},
  pages={249-261},
  chapter={23}
}

@incollection{vehovar2008Internet,
  author={Vehovar, Vasja and Lozar Manfreda, Katja and Karen, Gasper},
  title={Internet Surveys},
  editor={Donsbach, Wolfgang and Traugott, Michael W.},
  booktitle={The SAGE Handbook of Public Opinion Research},
  publisher={Sage Publications Sage CA: Los Angeles, CA},
  year={2008},
  pages={271-283},
  chapter={25}
}

@book{bowley1915livelihood,
  title={Livelihood and Poverty: A Study in the Economic Conditions of Working-Class Households in Northampton, Warrington, Stanley and Reading},
  author={Bowley, Arthur Lyon and Burnett-Hurst, Alexander Robert},
  year={1915},
  publisher={G. Bell and sons, Limited}
}

@misc{statCan2019Phone,
  author = {{Statistique Canada}},
  title = {Table 11-10-0228-01  Dwelling characteristics and household equipment at time of interview, {Canada}, regions and provinces},
  year = {2021},
  doi = {https://doi.org/10.25318/1110022801-eng},
}

@misc{statCan2020Internet,
  author = {{Statistique Canada}},
  title = {Access to the Internet in {Canada}},
  year = {2020},
  doi = {https://www150.statcan.gc.ca/n1/daily-quotidien/210531/dq210531d-eng.htm},
}

@article{yeager2011comparing,
  title={Comparing the accuracy of RDD telephone surveys and internet surveys conducted with probability and non-probability samples},
  author={Yeager, David S and Krosnick, Jon A and Chang, LinChiat and Javitz, Harold S and Levendusky, Matthew S and Simpser, Alberto and Wang, Rui},
  journal={Public Opinion Quarterly},
  volume={75},
  number={4},
  pages={709--747},
  year={2011},
  publisher={Oxford University Press}
}

@book{dillman2014internet,
  title={Internet, Phone, Mail, and Mixed-Mode Surveys: The Tailored Design Method},
  author={Dillman, Don A and Smyth, Jolene D and Christian, Leah Melani},
  year={2014},
  publisher={John Wiley \& Sons}
}

@article{agans2021using,
  title={Using social networks to supplement RDD telephone surveys to oversample hard-to-reach populations: a new RDD+ RDS approach},
  author={Agans, Robert P and Zeng, Donglin and Shook-Sa, Bonnie E and Boynton, Marcella H and Brewer, Noel T and Sutfin, Erin L and Goldstein, Adam O and Noar, Seth M and Vallejos, Quirina and Queen, Tara L and others},
  journal={Sociological Methodology},
  volume={51},
  number={2},
  pages={270--289},
  year={2021},
  publisher={SAGE Publications Sage CA: Los Angeles, CA}
}

@inproceedings{redmiles2019well,
  title={How well do my results generalize? comparing security and privacy survey results from mturk, web, and telephone samples},
  author={Redmiles, Elissa M and Kross, Sean and Mazurek, Michelle L},
  booktitle={2019 IEEE Symposium on Security and Privacy (SP)},
  pages={1326--1343},
  year={2019},
  organization={IEEE}
}

@article{pasek2010measuring,
  title={Measuring intent to participate and participation in the 2010 census and their correlates and trends: Comparisons of RDD telephone and non-probability sample Internet survey data},
  author={Pasek, Josh and Krosnick, Jon A},
  journal={Statistical Research Division of the US Census Bureau},
  volume={15},
  pages={2010},
  year={2010}
}

@book{weisberg2005total,
  title={The Total Survey Error Approach},
  author={Weisberg, Herbert F},
  year={2005},
  publisher={University of Chicago Press}
}

@book{groves1989survey,
  title={Survey Errors and Survey Costs},
  author={Groves, Robert M},
  year={1989},
  publisher={John Wiley \& Sons}
}

@book{henry1990,
  title={Practical Sampling},
  author={Henry, Gary T.},
  year={1990},
  publisher={Sage Publications}
}

@article{ansolabehere2014does,
  title={Does survey mode still matter? {Findings} from a 2010 multi-mode comparison},
  author={Ansolabehere, Stephen and Schaffner, Brian F},
  journal={Political Analysis},
  volume={22},
  number={3},
  pages={285--303},
  year={2014},
  publisher={Cambridge University Press}
}

@article{berinsky2017measuring,
  title={Measuring public opinion with surveys},
  author={Berinsky, Adam J},
  journal={Annual review of political science},
  volume={20},
  pages={309--329},
  year={2017},
  publisher={Annual Reviews}
}

@article{baker2010research,
  title={Research synthesis: {AAPOR} report on online panels},
  author={Baker, Reg and Blumberg, Stephen J and Brick, J Michael and Couper, Mick P and Courtright, Melanie and Dennis, J Michael and Dillman, Don and Frankel, Martin R and Garland, Philip and others},
  journal={Public Opinion Quarterly},
  volume={74},
  number={4},
  pages={711--781},
  year={2010},
  publisher={Oxford University Press}
}

@article{gelman2016mythical,
  title={The mythical swing voter},
  author={Gelman, Andrew and Goel, Sharad and Rivers, Douglas and Rothschild, David and others},
  journal={Quarterly Journal of Political Science},
  volume={11},
  number={1},
  pages={103--130},
  year={2016},
  publisher={Now Publishers, Inc.}
}

@article{tourangeau2009presentation,
  title={The presentation of a web survey, nonresponse and measurement error among members of web panel},
  author={Tourangeau, Roger and Groves, Robert M and Kennedy, Courtney and Yan, Ting},
  journal={Journal of Official Statistics},
  volume={25},
  number={3},
  pages={299},
  year={2009}
}

@article{tourangeau1988cognitive,
  title={Cognitive processes underlying context effects in attitude measurement.},
  author={Tourangeau, Roger and Rasinski, Kenneth A},
  journal={Psychological bulletin},
  volume={103},
  number={3},
  pages={299},
  year={1988},
  publisher={American Psychological Association}
}

@article{leemann2017extending,
  title={Extending the use and prediction precision of subnational public opinion estimation},
  author={Leemann, Lucas and Wasserfallen, Fabio},
  journal={American Journal of Political Science},
  volume={61},
  number={4},
  pages={1003--1022},
  year={2017},
  publisher={Wiley Online Library}
}

@article{pickup2007campaign,
  title={Campaign trial heats as electoral information: evidence from the 2004 and 2006 Canadian federal elections},
  author={Pickup, Mark and Johnston, Richard},
  journal={Electoral Studies},
  volume={26},
  number={2},
  pages={460--476},
  year={2007},
  publisher={Elsevier}
}

@article{gosselin2009regulation,
  title={The regulation of poll reporting in Canada},
  author={Gosselin, Tania and P{\'e}try, Fran{\c{c}}ois},
  journal={Canadian Public Policy},
  volume={35},
  number={1},
  pages={41--57},
  year={2009},
  publisher={University of Toronto Press}
}

@book{butler2007polling,
  title={Polling and Public Opinion: A Canadian Perspective},
  author={Butler, Peter Marshall},
  year={2007},
  publisher={University of Toronto Press}
}

@article{taylor1995horses,
  title={Horses for courses: How survey firms in different countries measure public opinion with very different methods},
  author={Taylor, Humphrey},
  journal={Market Research Society. Journal.},
  volume={37},
  number={3},
  pages={1--9},
  year={1995},
  publisher={SAGE Publications Sage UK: London, England}
}

@article{debell2009computing,
  title={Computing weights for American national election study survey data},
  author={DeBell, Matthew and Krosnick, Jon A},
  journal={nes012427. Ann Arbor, MI, Palo Alto, CA: ANES Technical Report Series},
  year={2009},
  publisher={Stanford University Stanford, CA, USA}
}

@article{pasek2018package,
  title={Package ‘anesrake’},
  author={Pasek, Josh},
  journal={The Comprehensive R Archive Network},
  year={2018}
}

@book{lazarsfeld1968people,
  title={The People’s Choice},
  author={Lazarsfeld, Paul F and Berelson, Bernard and Gaudet, Hazel},
  year={1968},
  publisher={Columbia University Press}
}

@book{campbell1980american,
  title={The American Voter},
  author={Campbell, Angus and Converse, Philip E and Miller, Warren E and Stokes, Donald E},
  year={1980},
  publisher={University of Chicago Press}
}

@book{lewis2008american,
  title={The American Voter Revisited},
  author={Lewis-Beck, Michael S and Norpoth, Helmut and Jacoby, William and Weisberg, Herbert F},
  year={2008},
  publisher={University of Michigan Press}
}

@online{qc125Pollsters,
  author = {Fournier, Philippe J},
  title = {338Canada {Ratings} of {Canadian} Pollsters},
  year = 2021,
  url = {https://338canada.com/pollster-ratings.htm}
}

@article{500QuebecDevoir,
 author  = {Bélair-Cirino, Marco},
 date    = {2022-03-22},
 title   = {500\$ pour la plupart des Québécois et ce qu'il faut retenir du budget},
 journal = {Le Devoir},
 url     = {https://www.ledevoir.com/economie/689463/faits-saillants-budget-quebec-2022},
 urldate = {2022-08-22},
 year = {2022}
}

@article{500QuebecGazette,
 author  = {Richer, Jocelyne},
 date    = {2022-03-25},
 title   = {Quebec finance minister grilled over \$500 payments to 6.4 million taxpayers},
 journal = {Montreal Gazette},
 url     = {https://montrealgazette.com/news/local-news/quebec-finance-minister-grilled-over-500-payments-to-6-4-million-taxpayers},
 urldate = {2022-08-22},
 year = {2022}
}

@article{500QuebecCBC,
 author  = {Marchand, Laura},
 date    = {2022-06-01},
 title   = {If CAQ is re-elected, Quebecers will get a 2nd cheque this year, premier promises},
 journal = {CBC},
 url     = {https://www.cbc.ca/news/canada/montreal/legault-cheque-part2-1.6473628},
 urldate = {2022-08-22},
 year = {2022}
}

@misc{QuebecBudget,
 author  = {{Finances Québec}},
 date    = {2022-03-22},
 title   = {Your Government Budget Plan 2022-2023},
 editor  = {{Finances Québec}},
 publisher = {{Gouvernement du Québec}},
 url     = {https://collections.banq.qc.ca/ark:/52327/2394776},
 year    = 2022
}

@book{hall2009inflation,
  title={Inflation: causes and effects},
  author={Hall, Robert E},
  year={2009},
  publisher={University of Chicago Press}
}

@article{clarida1999science,
  title={The science of monetary policy: a new Keynesian perspective},
  author={Clarida, Richard and Gali, Jordi and Gertler, Mark},
  journal={Journal of economic literature},
  volume={37},
  number={4},
  pages={1661--1707},
  year={1999}
}

@article{maskin2019pandering,
  title={Pandering and pork-barrel politics},
  author={Maskin, Eric and Tirole, Jean},
  journal={Journal of Public Economics},
  volume={176},
  pages={79--93},
  year={2019},
  publisher={Elsevier}
}

@article{dellaposta2015liberals,
  title={Why do liberals drink lattes?},
  author={DellaPosta, Daniel and Shi, Yongren and Macy, Michael},
  journal={American Journal of Sociology},
  volume={120},
  number={5},
  pages={1473--1511},
  year={2015},
  publisher={University of Chicago Press Chicago, IL}
}

@article{gimpel2020urban,
  title={The urban--rural gulf in American political behavior},
  author={Gimpel, James G and Lovin, Nathan and Moy, Bryant and Reeves, Andrew},
  journal={Political Behavior},
  volume={42},
  number={4},
  pages={1343--1368},
  year={2020},
  publisher={Springer}
}

@article{bennett1998uncivic,
  title={The uncivic culture: Communication, identity, and the rise of lifestyle politics},
  author={Bennett, W Lance},
  journal={PS: Political Science \& Politics},
  volume={31},
  number={4},
  pages={741--761},
  year={1998},
  publisher={Cambridge University Press}
}

@incollection{micheletti2015vegetarianism,
  title={Vegetarianism—A lifestyle politics?},
  author={Micheletti, Michele and Stolle, Dietlind},
  booktitle={Creative Participation},
  pages={133--153},
  year={2015},
  publisher={Routledge}
}

@article{fernandes2018changing,
  title={Changing identities to change the world: Identity motives in lifestyle politics and its link to collective action},
  author={Fernandes-Jesus, Maria and Lima, Maria Lu{\'\i}sa and Sabucedo, Jos{\'e}-Manuel},
  journal={Political Psychology},
  volume={39},
  number={5},
  pages={1031--1047},
  year={2018},
  publisher={Wiley Online Library}
}

@article{fiorina1978economic,
  title={Economic retrospective voting in American national elections: A micro-analysis},
  author={Fiorina, Morris P},
  journal={American Journal of political science},
  pages={426--443},
  year={1978},
  publisher={JSTOR}
}

@book{lewis1990economics,
  title={Economics and elections: The major Western democracies},
  author={Lewis-Beck, Michael S},
  year={1990},
  publisher={University of Michigan press}
}

@article{kinder1981sociotropic,
  title={Sociotropic politics: the American case},
  author={Kinder, Donald R and Kiewiet, D Roderick},
  journal={British Journal of Political Science},
  volume={11},
  number={2},
  pages={129--161},
  year={1981},
  publisher={Cambridge University Press}
}

@article{duch2000heterogeneity,
  title={Heterogeneity in perceptions of national economic conditions},
  author={Duch, Raymond M and Palmer, Harvey D and Anderson, Christopher J},
  journal={American Journal of Political Science},
  pages={635--652},
  year={2000},
  publisher={JSTOR}
}

@book{udehn2002limits,
  title={The limits of public choice: A sociological critique of the economic theory of politics},
  author={Udehn, Lars},
  year={2002},
  publisher={Routledge}
}

@article{blinder2004does,
  title={What does the public know about economic policy, and how does it know it?},
  author={Blinder, Alan S and Krueger, Alan B},
  year={2004},
  publisher={National Bureau of Economic Research Cambridge, Mass., USA}
}

@article{bechtel2011lasting,
  title={How lasting is voter gratitude? An analysis of the short-and long-term electoral returns to beneficial policy},
  author={Bechtel, Michael M and Hainmueller, Jens},
  journal={American Journal of Political Science},
  volume={55},
  number={4},
  pages={852--868},
  year={2011},
  publisher={Wiley Online Library}
}

@article{brunner2011economics,
  title={Economics and policy preferences: causal evidence of the impact of economic conditions on support for redistribution and other ballot proposals},
  author={Brunner, Eric and Ross, Stephen L and Washington, Ebonya},
  journal={Review of Economics and Statistics},
  volume={93},
  number={3},
  pages={888--906},
  year={2011},
  publisher={The MIT Press}
}


@article{kiewiet2011no,
  title={No man is an island: self-interest, the public interest, and sociotropic voting},
  author={Kiewiet, D Roderick and Lewis-Beck, Michael S},
  journal={Critical Review},
  volume={23},
  number={3},
  pages={303--319},
  year={2011},
  publisher={Taylor \& Francis}
}

@article{soroka2006good,
  title={Good news and bad news: Asymmetric responses to economic information},
  author={Soroka, Stuart N},
  journal={The journal of Politics},
  volume={68},
  number={2},
  pages={372--385},
  year={2006},
  publisher={Cambridge University Press New York, USA}
}

@book{caplan2011myth,
  title={The myth of the rational voter},
  author={Caplan, Bryan},
  booktitle={The Myth of the Rational Voter},
  year={2011},
  publisher={Princeton University Press}
}

@article{anderson2010economic,
  title={Economic voting in Canada: Assessing the effects of subjective perceptions and electoral context},
  author={Anderson, Cameron D},
  journal={Voting Behaviour in Canada},
  pages={139--162},
  year={2010},
  publisher={UBC Press Vancouver}
}

@article{nadeau2013economics,
  title={Economics and elections revisited},
  author={Nadeau, Richard and Lewis-Beck, Michael S and B{\'e}langer, {\'E}ric},
  journal={Comparative political studies},
  volume={46},
  number={5},
  pages={551--573},
  year={2013},
  publisher={Sage Publications Sage CA: Los Angeles, CA}
}

@article{belanger2010does,
  title={Does perceived competence matter? Political parties and economic voting in Canadian federal elections},
  author={B{\'e}langer, {\'E}ric and G{\'e}lineau, Fran{\c{c}}ois},
  journal={Journal of Elections, Public Opinion and Parties},
  volume={20},
  number={1},
  pages={83--101},
  year={2010},
  publisher={Taylor \& Francis}
}

@book{iyengar2010news,
  title={News that matters: Television and American opinion},
  author={Iyengar, Shanto and Kinder, Donald R},
  year={2010},
  publisher={University of Chicago Press}
}

@article{bartels1993messages,
  title={Messages received: The political impact of media exposure},
  author={Bartels, Larry M},
  journal={American political science review},
  volume={87},
  number={2},
  pages={267--285},
  year={1993},
  publisher={Cambridge University Press}
}

@article{chong2007framing,
  title={Framing public opinion in competitive democracies},
  author={Chong, Dennis and Druckman, James N},
  journal={American political science review},
  volume={101},
  number={4},
  pages={637--655},
  year={2007},
  publisher={Cambridge University Press}
}

@book{mutz1998impersonal,
  title={Impersonal influence: How perceptions of mass collectives affect political attitudes},
  author={Mutz, Diana C},
  year={1998},
  publisher={Cambridge University Press}
}

@article{donald2007inference,
  title={Inference with difference-in-differences and other panel data},
  author={Donald, Stephen G and Lang, Kevin},
  journal={The review of Economics and Statistics},
  volume={89},
  number={2},
  pages={221--233},
  year={2007},
  publisher={The MIT Press}
}

@article{chamarbagwala2011industrial,
  title={Industrial de-licensing, trade liberalization, and skill upgrading in India},
  author={Chamarbagwala, Rubiana and Sharma, Gunjan},
  journal={Journal of Development Economics},
  volume={96},
  number={2},
  pages={314--336},
  year={2011},
  publisher={Elsevier}
}

@article{card1994minimum,
  title={Minimum Wages and Employment: A Case Study of the Fast-Food Industry in New Jersey and Pennsylvania},
  author={Card,David and Krueger, Alan B},
  journal={The American Economic Review},
  volume={84},
  number={4},
  pages={772--793},
  year={1994}
}

@article{aragones1997negativity,
  title={Negativity effect and the emergence of ideologies},
  author={Aragones, Enriqueta},
  journal={Journal of Theoretical Politics},
  volume={9},
  number={2},
  pages={189--210},
  year={1997},
  publisher={Sage Publications 6 Bonhill Street, London EC2A 4PU, UK}
}

@article{kernell1977presidential,
  title={Presidential popularity and negative voting: An alternative explanation of the midterm congressional decline of the president's party},
  author={Kernell, Samuel},
  journal={American Political Science Review},
  volume={71},
  number={1},
  pages={44--66},
  year={1977},
  publisher={Cambridge University Press}
}

@article{holbrook2001attitudes,
  title={Attitudes toward presidential candidates and political parties: Initial optimism, inertial first impressions, and a focus on flaws},
  author={Holbrook, Allyson L and Krosnick, Jon A and Visser, Penny S and Gardner, Wendi L and Cacioppo, John T},
  journal={American Journal of Political Science},
  pages={930--950},
  year={2001},
  publisher={JSTOR}
}

@article{bloom1975voter,
  title={Voter response to short-run economic conditions: The asymmetric effect of prosperity and recession},
  author={Bloom, Howard S and Price, H Douglas},
  journal={American Political Science Review},
  volume={69},
  number={4},
  pages={1240--1254},
  year={1975},
  publisher={Cambridge University Press}
}

@article{conway2019can,
  title={Can carelessness be captured? Assessing careless responding in attitudes toward novel stimuli},
  author={Conway, Morgan A and O'Shea, Brian and Redford, Liz and Pogge, Gabrielle and Klein, Richard A and Ratliff, Kate A},
  journal={Social Cognition},
  volume={37},
  number={5},
  pages={468--498},
  year={2019},
  publisher={Guilford}
}

@article{alvarez2019paying,
  title={Paying attention to inattentive survey respondents},
  author={Alvarez, R Michael and Atkeson, Lonna Rae and Levin, Ines and Li, Yimeng},
  journal={Political Analysis},
  volume={27},
  number={2},
  pages={145--162},
  year={2019},
  publisher={Cambridge University Press}
}

@inproceedings{dogan2017detecting,
  title={Detecting Careless Respondents in Survey Data: Floodlight Detection of Careless Respondents},
  author={Dogan, Volkan},
  booktitle={Academy of Marketing Science Annual Conference},
  pages={443--449},
  year={2017},
  organization={Springer}
}

@article{vecchio2020respondents,
  title={Is respondents' inattention in online surveys a major issue for research?},
  author={Vecchio, Riccardo and Borrello, Massimiliano and Cembalo, Luigi and Caso, Gerarda},
  journal={Is respondents' inattention in online surveys a major issue for research?},
  pages={1--18},
  year={2020},
  publisher={Franco Angeli}
}

@article{gibson2019effects,
  title={The effects of questionnaire length and behavioral consequences on careless responding},
  author={Gibson, Anthony M and Bowling, Nathan A},
  journal={European Journal of Psychological Assessment},
  year={2019},
  publisher={Hogrefe Publishing}
}

@article{bowling2021quick,
  title={The quick and the careless: The construct validity of page time as a measure of insufficient effort responding to surveys},
  author={Bowling, Nathan A and Huang, Jason L and Brower, Cheyna K and Bragg, Caleb B},
  journal={Organizational Research Methods},
  pages={323--352},
  year={2021},
  publisher={SAGE Publications Sage CA: Los Angeles, CA}
}

@article{bowling2021will,
  title={Will the questions ever end? Person-level increases in careless responding during questionnaire completion},
  author={Bowling, Nathan A and Gibson, Anthony M and Houpt, Joseph W and Brower, Cheyna K},
  journal={Organizational Research Methods},
  volume={24},
  number={4},
  pages={718--738},
  year={2021},
  publisher={Sage Publications Sage CA: Los Angeles, CA}
}

@article{zhong2021preventing,
  title={Preventing and detecting insufficient effort survey responding},
  author={ZHONG, Xiaoyu and LI, Mingyao and LI, Lingyan},
  journal={Advances in Psychological Science},
  volume={29},
  number={2},
  pages={225},
  year={2021}
}

@article{breitsohl2018impact,
  title={The impact of insufficient effort responding detection methods on substantive responses: Results from an experiment testing parameter invariance},
  author={Breitsohl, Heiko and Steidelm{\"u}ller, Corinna},
  journal={Applied Psychology},
  volume={67},
  number={2},
  pages={284--308},
  year={2018},
  publisher={Wiley Online Library}
}

@article{kung2018attention,
  title={Are attention check questions a threat to scale validity?},
  author={Kung, Franki YH and Kwok, Navio and Brown, Douglas J},
  journal={Applied Psychology},
  volume={67},
  number={2},
  pages={264--283},
  year={2018},
  publisher={Wiley Online Library}
}

@article{bowling2016cares,
  title={Who cares and who is careless? Insufficient effort responding as a reflection of respondent personality.},
  author={Bowling, Nathan A and Huang, Jason L and Bragg, Caleb B and Khazon, Steve and Liu, Mengqiao and Blackmore, Caitlin E},
  journal={Journal of Personality and Social Psychology},
  volume={111},
  number={2},
  pages={218},
  year={2016},
  publisher={American Psychological Association}
}

@phdthesis{rauti2017assessing,
  title={Assessing the effects of survey instructions and physical attractiveness on careless responding in online surveys},
  author={Rauti, Carolyn M},
  year={2017},
  school={University of Windsor (Canada)}
}

@article{schneider2018careless,
  title={Careless responding in internet-based quality of life assessments},
  author={Schneider, Stefan and May, Marcella and Stone, Arthur A},
  journal={Quality of Life Research},
  volume={27},
  number={4},
  pages={1077--1088},
  year={2018},
  publisher={Springer}
}

@article{mancosu2019short,
  title={‘Short is better’. Evaluating the attentiveness of online respondents through screener questions in a real survey environment},
  author={Mancosu, Moreno and Ladini, Riccardo and Vezzoni, Cristiano},
  journal={Bulletin of Sociological Methodology/Bulletin de M{\'e}thodologie Sociologique},
  volume={141},
  number={1},
  pages={30--45},
  year={2019},
  publisher={SAGE Publications Sage UK: London, England}
}

@article{morren2020short,
  title={Short and long instructional manipulation checks: What do they measure?},
  author={Morren, Meike and Paas, Leonard J},
  journal={International Journal of Public Opinion Research},
  volume={32},
  number={4},
  pages={790--800},
  year={2020},
  publisher={Oxford University Press}
}

@article{read2022racing,
  title={Racing the clock: Using response time as a proxy for attentiveness on self-administered surveys},
  author={Read, Blair and Wolters, Lukas and Berinsky, Adam J},
  journal={Political Analysis},
  volume={30},
  number={4},
  pages={550--569},
  year={2022},
  publisher={Cambridge University Press}
}

@article{berinsky2016can,
  title={Can we turn shirkers into workers?},
  author={Berinsky, Adam J and Margolis, Michele F and Sances, Michael W},
  journal={Journal of Experimental Social Psychology},
  volume={66},
  pages={20--28},
  year={2016},
  publisher={Elsevier}
}

@article{berinsky2014separating,
  title={Separating the shirkers from the workers? Making sure respondents pay attention on self-administered surveys},
  author={Berinsky, Adam J and Margolis, Michele F and Sances, Michael W},
  journal={American Journal of Political Science},
  volume={58},
  number={3},
  pages={739--753},
  year={2014},
  publisher={Wiley Online Library}
}

@article{anduiza2017answering,
  title={Answering without reading: IMCs and strong satisficing in online surveys},
  author={Anduiza, Eva and Galais, Carol},
  journal={International Journal of Public Opinion Research},
  volume={29},
  number={3},
  pages={497--519},
  year={2017},
  publisher={Oxford University Press}
}

@article{oppenheimer2009instructional,
  title={Instructional manipulation checks: Detecting satisficing to increase statistical power},
  author={Oppenheimer, Daniel M and Meyvis, Tom and Davidenko, Nicolas},
  journal={Journal of experimental social psychology},
  volume={45},
  number={4},
  pages={867--872},
  year={2009},
  publisher={Elsevier}
}

@article{krosnick1991response,
  title={Response strategies for coping with the cognitive demands of attitude measures in surveys},
  author={Krosnick, Jon A},
  journal={Applied cognitive psychology},
  volume={5},
  number={3},
  pages={213--236},
  year={1991},
  publisher={Wiley Online Library}
}

@article{ansolabehere2008strength,
  title={The strength of issues: Using multiple measures to gauge preference stability, ideological constraint, and issue voting},
  author={Ansolabehere, Stephen and Rodden, Jonathan and Snyder, James M},
  journal={American Political Science Review},
  volume={102},
  number={2},
  pages={215--232},
  year={2008},
  publisher={Cambridge University Press}
}

@article{curran2016methods,
  title={Methods for the detection of carelessly invalid responses in survey data},
  author={Curran, Paul G},
  journal={Journal of Experimental Social Psychology},
  volume={66},
  pages={4--19},
  year={2016},
  publisher={Elsevier}
}

@article{francavilla2019social,
  title={Social interaction and internet-based surveys: Examining the effects of virtual and in-person proctors on careless response},
  author={Francavilla, Nicole M and Meade, Adam W and Young, Amanda L},
  journal={Applied Psychology},
  volume={68},
  number={2},
  pages={223--249},
  year={2019},
  publisher={Wiley Online Library}
}

@article{dunn2018intra,
  title={Intra-individual response variability as an indicator of insufficient effort responding: Comparison to other indicators and relationships with individual differences},
  author={Dunn, Alexandra M and Heggestad, Eric D and Shanock, Linda R and Theilgard, Nels},
  journal={Journal of Business and Psychology},
  volume={33},
  number={1},
  pages={105--121},
  year={2018},
  publisher={Springer}
}

@article{desimone2018dirty,
  title={Dirty data: The effects of screening respondents who provide low-quality data in survey research},
  author={DeSimone, Justin A and Harms, PD},
  journal={Journal of Business and Psychology},
  volume={33},
  number={5},
  pages={559--577},
  year={2018},
  publisher={Springer}
}

@article{huang2015insufficient,
  title={Insufficient effort responding: examining an insidious confound in survey data.},
  author={Huang, Jason L and Liu, Mengqiao and Bowling, Nathan A},
  journal={Journal of Applied Psychology},
  volume={100},
  number={3},
  pages={828},
  year={2015},
  publisher={American Psychological Association}
}

@article{huang2015detecting,
  title={Detecting insufficient effort responding with an infrequency scale: Evaluating validity and participant reactions},
  author={Huang, Jason L and Bowling, Nathan A and Liu, Mengqiao and Li, Yuhui},
  journal={Journal of Business and Psychology},
  volume={30},
  number={2},
  pages={299--311},
  year={2014},
  publisher={Springer}
}

@article{huang2012detecting,
  title={Detecting and deterring insufficient effort responding to surveys},
  author={Huang, Jason L and Curran, Paul G and Keeney, Jessica and Poposki, Elizabeth M and DeShon, Richard P},
  journal={Journal of Business and Psychology},
  volume={27},
  number={1},
  pages={99--114},
  year={2012},
  publisher={Springer}
}

@article{meade2012identifying,
  title={Identifying careless responses in survey data.},
  author={Meade, Adam W and Craig, S Bartholomew},
  journal={Psychological methods},
  volume={17},
  number={3},
  pages={437},
  year={2012},
  publisher={American Psychological Association}
}

@article{de2000mahalanobis,
  title={The mahalanobis distance},
  author={De Maesschalck, Roy and Jouan-Rimbaud, Delphine and Massart, D{\'e}sir{\'e} L},
  journal={Chemometrics and intelligent laboratory systems},
  volume={50},
  number={1},
  pages={1--18},
  year={2000},
  publisher={Elsevier}
}



@book{jackson1977jackson,
  title={Jackson vocational interest survey: manual},
  author={Jackson, Douglas N},
  year={1977},
  publisher={London, Ont.: Research Psychologists Press}
}

@article{goldberg1985prediction,
  title={The prediction of semantic consistency in self-descriptions: Characteristics of persons and of terms that affect the consistency of responses to synonym and antonym pairs.},
  author={Goldberg, Lewis R and Kilkowski, James M},
  journal={Journal of personality and social psychology},
  volume={48},
  number={1},
  pages={82},
  year={1985},
  publisher={American Psychological Association}
}

@article{marjanovic2015inter,
  title={The inter-item standard deviation (ISD): An index that discriminates between conscientious and random responders},
  author={Marjanovic, Zdravko and Holden, Ronald and Struthers, Ward and Cribbie, Robert and Greenglass, Esther},
  journal={Personality and Individual Differences},
  volume={84},
  pages={79--83},
  year={2015},
  publisher={Elsevier}
}

@article{guttman1944basis,
  title={A basis for scaling qualitative data},
  author={Guttman, Louis},
  journal={American sociological review},
  volume={9},
  number={2},
  pages={139--150},
  year={1944},
  publisher={JSTOR}
}

@incollection{guttman2017basis,
  title={The basis for scalogram analysis (1950)},
  author={Guttman, Louis L},
  booktitle={Scaling},
  pages={142--171},
  year={2017},
  publisher={Routledge}
}

@article{donlon1968index,
  title={An index of an individual's agreement with group-determined item difficulties},
  author={Donlon, Thomas F and Fischer, Frederic E},
  journal={Educational and Psychological Measurement},
  volume={28},
  number={1},
  pages={105--113},
  year={1968},
  publisher={Sage Publications Sage CA: Thousand Oaks, CA}
}

@article{fowler2023moderates,
  title={Moderates},
  author={Fowler, Anthony and Hill, Seth J and Lewis, Jeffrey B and Tausanovitch, Chris and Vavreck, Lynn and Warshaw, Christopher},
  journal={American Political Science Review},
  volume={117},
  number={2},
  pages={643--660},
  year={2023},
  publisher={Cambridge University Press}
}

@article{jou2016ideological,
  title={Ideological understanding and voting in Japan: A longitudinal analysis},
  author={Jou, Willy and Endo, Masahisa},
  journal={Asian Politics \& Policy},
  volume={8},
  number={3},
  pages={456--473},
  year={2016},
  publisher={Wiley Online Library}
}

@article{karabatsos2003comparing,
  title={Comparing the aberrant response detection performance of thirty-six person-fit statistics},
  author={Karabatsos, George},
  journal={Applied Measurement in Education},
  volume={16},
  number={4},
  pages={277--298},
  year={2003},
  publisher={Taylor \& Francis}
}

@book{sijtsma2002introduction,
  title={Introduction to nonparametric item response theory},
  author={Sijtsma, Klaas and Molenaar, Ivo W},
  volume={5},
  year={2002},
  publisher={sage}
}

@article{emons2008nonparametric,
  title={Nonparametric person-fit analysis of polytomous item scores},
  author={Emons, Wilco HM},
  journal={Applied Psychological Measurement},
  volume={32},
  number={3},
  pages={224--247},
  year={2008},
  publisher={Sage Publications Sage CA: Los Angeles, CA}
}

@article{zmigrod2022psychology,
  title={A psychology of ideology: Unpacking the psychological structure of ideological thinking},
  author={Zmigrod, Leor},
  journal={Perspectives on Psychological Science},
  volume={17},
  number={4},
  pages={1072--1092},
  year={2022},
  publisher={Sage Publications Sage CA: Los Angeles, CA}
}

@article{pan2018china,
  title={China’s ideological spectrum},
  author={Pan, Jennifer and Xu, Yiqing},
  journal={The Journal of Politics},
  volume={80},
  number={1},
  pages={254--273},
  year={2018},
  publisher={University of Chicago Press Chicago, IL}
}

@article{bonica2014mapping,
  title={Mapping the ideological marketplace},
  author={Bonica, Adam},
  journal={American Journal of Political Science},
  volume={58},
  number={2},
  pages={367--386},
  year={2014},
  publisher={Wiley Online Library}
}

@article{jessee2009spatial,
  title={Spatial voting in the 2004 presidential election},
  author={Jessee, Stephen A},
  journal={American Political Science Review},
  volume={103},
  number={1},
  pages={59--81},
  year={2009},
  publisher={Cambridge University Press}
}

@article{treier2009nature,
  title={The nature of political ideology in the contemporary electorate},
  author={Treier, Shawn and Hillygus, D Sunshine},
  journal={Public Opinion Quarterly},
  volume={73},
  number={4},
  pages={679--703},
  year={2009},
  publisher={Oxford University Press}
}

@article{berry2007measurement,
  title={The measurement and stability of state citizen ideology},
  author={Berry, William D and Ringquist, Evan J and Fording, Richard C and Hanson, Russell L},
  journal={State Politics \& Policy Quarterly},
  volume={7},
  number={2},
  pages={111--132},
  year={2007},
  publisher={Cambridge University Press}
}

@book{downs1957economic,
  address = {New York},
  author = {Downs, Anthony},
  booktitle = {An Economic Theory of Democracy},
  publisher = {Harper and Row},
  title = {An economic theory of democracy},
  year = {1957}
}

@article{shor2011ideological,
  title={The ideological mapping of American legislatures},
  author={Shor, Boris and McCarty, Nolan},
  journal={American Political Science Review},
  volume={105},
  number={3},
  pages={530--551},
  year={2011},
  publisher={Cambridge University Press}
}

@article{knight2006transformations,
  title={Transformations of the Concept of Ideology in the Twentieth Century},
  author={Knight, Kathleen},
  journal={American Political Science Review},
  volume={100},
  number={4},
  pages={619--626},
  year={2006},
  publisher={Cambridge University Press}
}

@article{van2017curse,
  title={The curse of dimensionality in Voting Advice Applications: reliability and validity in algorithm design},
  author={Van der Linden, Clifton and Dufresne, Yannick},
  journal={Journal of Elections, Public Opinion and Parties},
  volume={27},
  number={1},
  pages={9--30},
  year={2017},
  publisher={Taylor \& Francis}
}

@article{medeiros2015refining,
  title={Refining vote choice in an ethno-regionalist context: Three-dimensional ideological voting in Catalonia and Quebec},
  author={Medeiros, Mike and Gauvin, Jean-Philippe and Chhim, Chris},
  journal={Electoral Studies},
  volume={40},
  pages={14--22},
  year={2015},
  publisher={Elsevier}
}

@article{wheatley2014dimensionality,
  title={The dimensionality of the Scottish political space: Results from an experiment on the 2011 Holyrood elections},
  author={Wheatley, Jonathan and Carman, Christopher and Mendez, Fernando and Mitchell, James},
  journal={Party politics},
  volume={20},
  number={6},
  pages={864--878},
  year={2014},
  publisher={Sage Publications Sage UK: London, England}
}

@article{kincaid2011citizen,
  title={Citizen attitudes toward issues of federalism in Canada, Mexico, and the United States},
  author={Kincaid, John and Cole, Richard L},
  journal={Publius: The Journal of Federalism},
  volume={41},
  number={1},
  pages={53--75},
  year={2011},
  publisher={Oxford University Press}
}

@article{abramowitz2006exploring,
  title={Exploring the bases of partisanship in the American electorate: Social identity vs. ideology},
  author={Abramowitz, Alan I and Saunders, Kyle L},
  journal={Political Research Quarterly},
  volume={59},
  number={2},
  pages={175--187},
  year={2006},
  publisher={Sage Publications Sage CA: Thousand Oaks, CA}
}

@article{blanchet2019secessionist,
  title={The secessionist spectre: the influence of authoritarianism, nativism and populism on support for Quebec independence},
  author={Blanchet, Alexandre and Medeiros, Mike},
  journal={Nations and nationalism},
  volume={25},
  number={3},
  pages={803--821},
  year={2019},
  publisher={Wiley Online Library}
}

@article{galais2020effects,
  title={The effects of regional attachment on ideological self-placement: A comparative approach},
  author={Galais, Carol and Serrano, Ivan},
  journal={Comparative European Politics},
  volume={18},
  number={4},
  pages={487--509},
  year={2020},
  publisher={Springer}
}

@incollection{kinder2017neither,  title={Neither liberal nor conservative},  author={Kinder, Donald R and Kalmoe, Nathan P},  booktitle={Neither Liberal nor Conservative},  year={2017},  publisher={University of Chicago Press}}

@article{hibbing2014differences,
  title={Differences in negativity bias underlie variations in political ideology},
  author={Hibbing, John R and Smith, Kevin B and Alford, John R},
  journal={Behavioral and brain sciences},
  volume={37},
  pages={297--307},
  year={2014},
  publisher={Cambridge University Press}
}

@article{turgeon2019tale,
  title={A tale of two liberalisms? Attitudes toward minority religious symbols in Quebec and Canada},
  author={Turgeon, Luc and Bilodeau, Antoine and White, Stephen E and Henderson, Ailsa},
  journal={Canadian Journal of Political Science/Revue canadienne de science politique},
  volume={52},
  number={2},
  pages={247--265},
  year={2019},
  publisher={Cambridge University Press}
}

@article{dufresne2019religiosity,
  title={Religiosity or racism? The bases of opposition to religious accommodation in Quebec},
  author={Dufresne, Yannick and Kilibarda, Anja and Blais, Andr{\'e} and Bibeau, Alexis},
  journal={Nations and Nationalism},
  volume={25},
  number={2},
  pages={673--696},
  year={2019},
  publisher={Wiley Online Library}
}

@book{meisel1984canadian,
  title={Canadian Federal Election Study, 1968},
  author={Meisel, John},
  year={1984},
  publisher={Inter-university Consortium for Political and Social Research}
}

@article{zijlstra2007outlier,
  title={Outlier detection in test and questionnaire data},
  author={Zijlstra, Wobbe P and Van Der Ark, L Andries and Sijtsma, Klaas},
  journal={Multivariate Behavioral Research},
  volume={42},
  number={3},
  pages={531--555},
  year={2007},
  publisher={Taylor \& Francis}
}


@book{simon1957models,
publisher = {Wiley},
year = {1957},
title = {Models of man--social and rational : mathematical essays on rational human behavior in a social setting},
address = {New York},
author = {Simon, Herbert A.}
}

@article{kurtz2001semantic,
  title={Semantic response consistency and protocol validity in structured personality assessment: The case of the NEO-PI-R},
  author={Kurtz, John E and Parrish, Catherine L},
  journal={Journal of Personality Assessment},
  volume={76},
  number={2},
  pages={315--332},
  year={2001},
  publisher={Taylor \& Francis}
}

@article{bowling2022stop,
  title={Stop With the Questions Already! Does Data Quality Suffer for Scales Positioned Near the End of a Lengthy Questionnaire?},
  author={Bowling, Nathan A and Gibson, Anthony M and DeSimone, Justin A},
  journal={Journal of Business and Psychology},
  volume={37},
  number={5},
  pages={1099--1116},
  year={2022},
  publisher={Springer}
}

@article{nichols1989criteria,
  title={Criteria for assessing inconsistent patterns of item endorsement on the MMPI: Rationale, development, and empirical trials},
  author={Nichols, David S and Greene, Roger L and Schmolck, Peter},
  journal={Journal of Clinical Psychology},
  volume={45},
  number={2},
  pages={239--250},
  year={1989},
  publisher={Wiley Online Library}
}

@article{maniaci2014caring,
  title={Caring about carelessness: Participant inattention and its effects on research},
  author={Maniaci, Michael R and Rogge, Ronald D},
  journal={Journal of Research in Personality},
  volume={48},
  pages={61--83},
  year={2014},
  publisher={Elsevier}
}

@article{kahneman1981simulation,
  title={The simulation heuristic},
  author={Kahneman, Daniel and Tversky, Amos},
  year={1981},
  journal={Science},
  volume={211(4481)},
  pages={453--458}
}

@article{brosnan2019know,
  title={“I know what you’re going to ask me” Why respondents don’t read survey questions},
  author={Brosnan, Kylie and Babakhani, Nazila and Dolnicar, Sara},
  journal={International Journal of Market Research},
  volume={61},
  number={4},
  pages={366--379},
  year={2019},
  publisher={SAGE Publications Sage UK: London, England}
}

@article{fortunato2022hurdles,
  title={Hurdles to inference: The demographic correlates of survey breakoff and shirking},
  author={Fortunato, David and Hibbing, Matthew V and Provins, Tessa},
  journal={Social Science Quarterly},
  volume={103},
  number={2},
  pages={455--465},
  year={2022},
  publisher={Wiley Online Library}
}

@article{berinsky2024measuring,
  title={Measuring Attentiveness in Self-Administered Surveys},
  author={Berinsky, Adam J and Frydman, Alejandro and Margolis, Michele F and Sances, Michael W and Valerio, Diana Camilla},
  journal={Public Opinion Quarterly},
  volume={88},
  number={1},
  pages={214--241},
  year={2024},
  publisher={Oxford University Press}
}

@article{oken2006vigilance,
  title={Vigilance, alertness, or sustained attention: physiological basis and measurement},
  author={Oken, Barry S and Salinsky, Martin C and Elsas, SM2865224},
  journal={Clinical neurophysiology},
  volume={117},
  number={9},
  pages={1885--1901},
  year={2006},
  publisher={Elsevier}
}

@article{charles2019measuring,
  title={Measuring mental workload using physiological measures: A systematic review},
  author={Charles, Rebecca L and Nixon, Jim},
  journal={Applied ergonomics},
  volume={74},
  pages={221--232},
  year={2019},
  publisher={Elsevier}
}

@article{fortenbaugh2017recent,
  title={Recent theoretical, neural, and clinical advances in sustained attention research},
  author={Fortenbaugh, Francesca C and DeGutis, Joseph and Esterman, Michael},
  journal={Annals of the New York Academy of Sciences},
  volume={1396},
  number={1},
  pages={70--91},
  year={2017},
  publisher={Wiley Online Library}
}

@article{babakhani2023instructional,
  title={Do instructional manipulation checks measure inattention or miscomprehension?},
  author={Babakhani, Nazila and Paas, Leo and Dolnicar, Sara},
  journal={International Journal of Social Research Methodology},
  volume={26},
  number={6},
  pages={773--784},
  year={2023},
  publisher={Taylor \& Francis}
}

@article{baumgartner2018misresponse,
  title={Misresponse to survey questions: A conceptual framework and empirical test of the effects of reversals, negations, and polar opposite core concepts},
  author={Baumgartner, Hans and Weijters, Bert and Pieters, Rik},
  journal={Journal of Marketing Research},
  volume={55},
  number={6},
  pages={869--883},
  year={2018},
  publisher={SAGE Publications Sage CA: Los Angeles, CA}
}

@article{reichle2009using,
  title={Using EZ Reader to model the effects of higher level language processing on eye movements during reading},
  author={Reichle, Erik D and Warren, Tessa and McConnell, Kerry},
  journal={Psychonomic bulletin \& review},
  volume={16},
  pages={1--21},
  year={2009},
  publisher={Springer}
}

@article{galesic2008eye,
  title={Eye-tracking data: New insights on response order effects and other cognitive shortcuts in survey responding},
  author={Galesic, Mirta and Tourangeau, Roger and Couper, Mick P and Conrad, Frederick G},
  journal={Public opinion quarterly},
  volume={72},
  number={5},
  pages={892--913},
  year={2008},
  publisher={Oxford University Press}
}

@article{jenke2021using,
  title={Using eye-tracking to understand decision-making in conjoint experiments},
  author={Jenke, Libby and Bansak, Kirk and Hainmueller, Jens and Hangartner, Dominik},
  journal={Political Analysis},
  volume={29},
  number={1},
  pages={75--101},
  year={2021},
  publisher={Cambridge University Press}
}

@article{lenzner2011seeing,
  title={Seeing through the eyes of the respondent: An eye-tracking study on survey question comprehension},
  author={Lenzner, Timo and Kaczmirek, Lars and Galesic, Mirta},
  journal={International Journal of Public Opinion Research},
  volume={23},
  number={3},
  pages={361--373},
  year={2011},
  publisher={Oxford University Press}
}

@article{suhail2022distinguishing,
  title={Distinguishing cognitive states using electroencephalography local activation and functional connectivity patterns},
  author={Suhail, TA and Indiradevi, KP and Suhara, EM and Poovathinal, Suresh A and Ayyappan, Anitha},
  journal={Biomedical Signal Processing and Control},
  volume={77},
  pages={103742},
  year={2022},
  publisher={Elsevier}
}

@book{lodge2013rationalizing,
  title={The rationalizing voter},
  author={Lodge, Milton and Taber, Charles S},
  year={2013},
  publisher={Cambridge University Press}
}

@article{tourangeau2000psychology,
  title={The psychology of survey response},
  author={Tourangeau, Roger and Rips, Lance J and Rasinski, Kenneth},
  year={2000},
  publisher={Cambridge University Press}
}

@article{kreuter2008social,
  title={Social desirability bias in CATI, IVR, and web surveys: The effects of mode and question sensitivity},
  author={Kreuter, Frauke and Presser, Stanley and Tourangeau, Roger},
  journal={Public opinion quarterly},
  volume={72},
  number={5},
  pages={847--865},
  year={2008},
  publisher={Oxford University Press}
}

@article{kane2019no,
  title={No harm in checking: Using factual manipulation checks to assess attentiveness in experiments},
  author={Kane, John V and Barabas, Jason},
  journal={American Journal of Political Science},
  volume={63},
  number={1},
  pages={234--249},
  year={2019},
  publisher={Wiley Online Library}
}

@article{kane2023analyze,
  title={Analyze the attentive and bypass bias: Mock vignette checks in survey experiments},
  author={Kane, John V and Velez, Yamil R and Barabas, Jason},
  journal={Political Science Research and Methods},
  volume={11},
  number={2},
  pages={293--310},
  year={2023},
  publisher={Cambridge University Press}
}

@article{nam2018amygdala,
  title={Amygdala structure and the tendency to regard the social system as legitimate and desirable},
  author={Nam, H Hannah and Jost, John T and Kaggen, Lisa and Campbell-Meiklejohn, Daniel and Van Bavel, Jay J},
  journal={Nature Human Behaviour},
  volume={2},
  number={2},
  pages={133--138},
  year={2018},
  publisher={Nature Publishing Group UK London}
}

@article{nam2020neuroscientific,
  title={Neuroscientific approaches to the study of system justification},
  author={Nam, Hyun Hannah},
  journal={Current Opinion in Behavioral Sciences},
  volume={34},
  pages={205--210},
  year={2020},
  publisher={Elsevier}
}

@article{eisenberger2003does,
  title={Does rejection hurt? An fMRI study of social exclusion},
  author={Eisenberger, Naomi I and Lieberman, Matthew D and Williams, Kipling D},
  journal={Science},
  volume={302},
  number={5643},
  pages={290--292},
  year={2003},
  publisher={American Association for the Advancement of Science}
}

@book{davies1982psychology,
  title={The psychology of vigilance},
  author={Davies, D.R. and Parasuraman, R.},
  year={1092},
  publisher={London: Academic Press}
}

@article{gevins1997high,
  title={High-resolution EEG mapping of cortical activation related to working memory: effects of task difficulty, type of processing, and practice.},
  author={Gevins, Alan and Smith, Michael E and McEvoy, Linda and Yu, Daphne},
  journal={Cerebral cortex (New York, NY: 1991)},
  volume={7},
  number={4},
  pages={374--385},
  year={1997}
}

@article{ishii1999medial,
  title={Medial prefrontal cortex generates frontal midline theta rhythm},
  author={Ishii, Ryouhei and Shinosaki, Kazuhiro and Ukai, Satoshi and Inouye, Tsuyoshi and Ishihara, Tsutomu and Yoshimine, Toshiki and Hirabuki, Norio and Asada, Hiroshi and Kihara, Taizo and Robinson, S E and others},
  journal={Neuroreport},
  volume={10},
  number={4},
  pages={675--679},
  year={1999},
  publisher={LWW}
}

@article{jensen2002frontal,
  title={Frontal theta activity in humans increases with memory load in a working memory task},
  author={Jensen, Ole and Tesche, Claudia D},
  journal={European journal of Neuroscience},
  volume={15},
  number={8},
  pages={1395--1399},
  year={2002},
  publisher={Wiley Online Library}
}

@article{onton2005frontal,
  title={Frontal midline EEG dynamics during working memory},
  author={Onton, Julie and Delorme, Arnaud and Makeig, Scott},
  journal={Neuroimage},
  volume={27},
  number={2},
  pages={341--356},
  year={2005},
  publisher={Elsevier}
}

@article{chikhi2022eeg,
  title={EEG power spectral measures of cognitive workload: A meta-analysis},
  author={Chikhi, Samy and Matton, Nadine and Blanchet, Sophie},
  journal={Psychophysiology},
  volume={59},
  number={6},
  pages={e14009},
  year={2022},
  publisher={Wiley Online Library}
}

@article{duckitt2009dual,
  title={A dual-process motivational model of ideology, politics, and prejudice},
  author={Duckitt, John and Sibley, Chris G},
  journal={Psychological inquiry},
  volume={20},
  number={2-3},
  pages={98--109},
  year={2009},
  publisher={Taylor \& Francis}
}

@article{claessens2020dual,
  title={The dual evolutionary foundations of political ideology},
  author={Claessens, Scott and Fischer, Kyle and Chaudhuri, Ananish and Sibley, Chris G and Atkinson, Quentin D},
  journal={Nature Human Behaviour},
  volume={4},
  number={4},
  pages={336--345},
  year={2020},
  publisher={Nature Publishing Group UK London}
}

@book{altemeyer1996authoritarian,
  title={The authoritarian specter},
  author={Altemeyer, Bob},
  year={1996},
  publisher={Harvard University Press}
}

@inproceedings{chen2010detecting,
  title={Detecting sustained attention during cognitive work using heart rate variability},
  author={Chen, Cho-Yan and Wang, Chi-Jen and Chen, E-Liang and Wu, Chi-Keng and Yang, Yen Kuang and Wang, Jeen-Shing and Chung, Pau-Choo},
  booktitle={2010 sixth international conference on intelligent information hiding and multimedia signal processing},
  pages={372--375},
  year={2010},
  organization={IEEE}
}

@article{malliani1991cardiovascular,
  title={Cardiovascular neural regulation explored in the frequency domain.},
  author={Malliani, Alberto and Pagani, Massimo and Lombardi, Federico and Cerutti, Sergio},
  journal={Circulation},
  volume={84},
  number={2},
  pages={482--492},
  year={1991},
  publisher={Am Heart Assoc}
}

@article{richards1991heart,
  title={Heart rate variability during attention phases in young infants},
  author={Richards, John E and Casey, Betty Jo},
  journal={Psychophysiology},
  volume={28},
  number={1},
  pages={43--53},
  year={1991},
  publisher={Wiley Online Library}
}

@article{porges1969respiratory,
  title={Respiratory and heart rate components of attention.},
  author={Porges, Stephen W and Raskin, David C},
  journal={Journal of experimental psychology},
  volume={81},
  number={3},
  pages={497},
  year={1969},
  publisher={American Psychological Association}
}

@article{forte2019heart,
  title={Heart rate variability and cognitive function: a systematic review},
  author={Forte, Giuseppe and Favieri, Francesca and Casagrande, Maria},
  journal={Frontiers in neuroscience},
  volume={13},
  pages={436204},
  year={2019},
  publisher={Frontiers}
}

@article{griffiths2017sustained,
  title={Sustained attention and heart rate variability in children and adolescents with ADHD},
  author={Griffiths, Kristi R and Quintana, Daniel S and Hermens, Daniel F and Spooner, Chris and Tsang, Tracey W and Clarke, Simon and Kohn, Michael R},
  journal={Biological psychology},
  volume={124},
  pages={11--20},
  year={2017},
  publisher={Elsevier}
}

@article{williams2016resting,
  title={Resting cardiac vagal tone predicts intraindividual reaction time variability during an attention task in a sample of young and healthy adults},
  author={Williams, DeWayne P and Thayer, Julian F and Koenig, Julian},
  journal={Psychophysiology},
  volume={53},
  number={12},
  pages={1843--1851},
  year={2016},
  publisher={Wiley Online Library}
}

@article{shaffer2017overview,
  title={An overview of heart rate variability metrics and norms},
  author={Shaffer, Fred and Ginsberg, Jay P},
  journal={Frontiers in public health},
  volume={5},
  pages={290215},
  year={2017},
  publisher={Frontiers}
}

@misc{di2022remote,
  title={Remote photoplethysmography (rPPG) in the wild: remote heart rate imaging via online webcams. PsyArXiv},
  author={Di Lernia, D and Finotti, G and Tsakiris, M and Riva, G and Naber, M},
  year={2022}
}

@article{van2019open,
  title={An open-source remote heart rate imaging method with practical apparatus and algorithms},
  author={van der Kooij, Koen M and Naber, Marnix},
  journal={Behavior research methods},
  volume={51},
  number={5},
  pages={2106--2119},
  year={2019},
  publisher={Springer}
}

@article{pai2021hrvcam,
  title={HRVCam: robust camera-based measurement of heart rate variability},
  author={Pai, Amruta and Veeraraghavan, Ashok and Sabharwal, Ashutosh},
  journal={Journal of biomedical optics},
  volume={26},
  number={2},
  pages={022707--022707},
  year={2021},
  publisher={Society of Photo-Optical Instrumentation Engineers}
}

@article{hutt2024webcam,
  title={Webcam-based eye tracking to detect mind wandering and comprehension errors},
  author={Hutt, Stephen and Wong, Aaron and Papoutsaki, Alexandra and Baker, Ryan S and Gold, Joshua I and Mills, Caitlin},
  journal={Behavior Research Methods},
  volume={56},
  number={1},
  pages={1--17},
  year={2024},
  publisher={Springer}
}

@inproceedings{Papoutsaki2016WebGazerSW,
  title={WebGazer: Scalable Webcam Eye Tracking Using User Interactions},
  author={Alexandra Papoutsaki and Patsorn Sangkloy and James Laskey and Nediyana Daskalova and Jeff Huang and James Hays},
  booktitle={International Joint Conference on Artificial Intelligence},
  year={2016},
  url={https://api.semanticscholar.org/CorpusID:686447}
}

@article{ruisch2022sensitive,
  title={Sensitive liberals and unfeeling conservatives? Interoceptive sensitivity predicts political liberalism},
  author={Ruisch, Benjamin C and Von Mohr, Mariana and Naber, Marnix and Tsakiris, Manos and Fazio, Russell H and Scheepers, Daan T},
  journal={Politics and the Life Sciences},
  volume={41},
  number={2},
  pages={256--275},
  year={2022},
  publisher={Cambridge University Press}
}

@article{montgomery2018conditioning,
  title={How conditioning on posttreatment variables can ruin your experiment and what to do about it},
  author={Montgomery, Jacob M and Nyhan, Brendan and Torres, Michelle},
  journal={American Journal of Political Science},
  volume={62},
  number={3},
  pages={760--775},
  year={2018},
  publisher={Wiley Online Library}
}

@article{aronow2019note,
  title={A note on dropping experimental subjects who fail a manipulation check},
  author={Aronow, Peter M and Baron, Jonathon and Pinson, Lauren},
  journal={Political Analysis},
  volume={27},
  number={4},
  pages={572--589},
  year={2019},
  publisher={Cambridge University Press}
}

@article{kane2025more,
  title={More than meets the ITT: A guide for anticipating and investigating nonsignificant results in survey experiments},
  author={Kane, John V},
  journal={Journal of Experimental Political Science},
  volume={12},
  number={1},
  pages={110--125},
  year={2025},
  publisher={Cambridge University Press}
}

@misc{triCouncil2022,
	author={{Canadian Institutes of Health Research, Natural Sciences and Engineering Research Council of Canada, and Social Sciences and Humanities Research Council of Canada}},
	title={Tri-Council Policy Statement: Ethical Conduct for Research Involving Humans},
	year={2022},
	publisher={Government of Canada}
}

@article{mcdermott2002experimental,
  title={Experimental methodology in political science},
  author={McDermott, Rose},
  journal={Political analysis},
  volume={10},
  number={4},
  pages={325--342},
  year={2002},
  publisher={Cambridge University Press}
}

@article{lakens2019value,
  title={The value of preregistration for psychological science: A conceptual analysis},
  author={Lakens, Daniel},
  journal={Japanese Psychological Review},
  volume={62},
  number={3},
  pages={221--230},
  year={2019},
  publisher={心理学評論刊行会}
}

@article{charness2012experimental,
  title={Experimental methods: Between-subject and within-subject design},
  author={Charness, Gary and Gneezy, Uri and Kuhn, Michael A},
  journal={Journal of economic behavior \& organization},
  volume={81},
  number={1},
  pages={1--8},
  year={2012},
  publisher={Elsevier}
}

@article{lakens2022sample,
  title={Sample size justification},
  author={Lakens, Dani{\"e}l},
  journal={Collabra: psychology},
  volume={8},
  number={1},
  pages={33267},
  year={2022},
  publisher={University of California Press}
}

@book{altemeyer1981right,
  title={Right-wing authoritarianism},
  author={Altemeyer, Bob},
  year={1981},
  publisher={University of Manitoba Press}
}

@article{pratto1994social,
  title={Social dominance orientation: A personality variable predicting social and political attitudes.},
  author={Pratto, Felicia and Sidanius, Jim and Stallworth, Lisa M and Malle, Bertram F},
  journal={Journal of personality and social psychology},
  volume={67},
  number={4},
  pages={741},
  year={1994},
  publisher={American Psychological Association}
}

@article{ho2015nature,
  title={The nature of social dominance orientation: Theorizing and measuring preferences for intergroup inequality using the new SDO$_{7}$ scale.},
  author={Ho, Arnold K and Sidanius, Jim and Kteily, Nour and Sheehy-Skeffington, Jennifer and Pratto, Felicia and Henkel, Kristin E and Foels, Rob and Stewart, Andrew L},
  journal={Journal of personality and social psychology},
  volume={109},
  number={6},
  pages={1003},
  year={2015},
  publisher={American Psychological Association}
}

@article{funke2005dimensionality,
  title={The dimensionality of right-wing authoritarianism: Lessons from the dilemma between theory and measurement},
  author={Funke, Friedrich},
  journal={Political Psychology},
  volume={26},
  number={2},
  pages={195--218},
  year={2005},
  publisher={Wiley Online Library}
}

@article{dennis2010cognitive,
  title={The cognitive flexibility inventory: Instrument development and estimates of reliability and validity},
  author={Dennis, John P and Vander Wal, Jillon S},
  journal={Cognitive therapy and research},
  volume={34},
  pages={241--253},
  year={2010},
  publisher={Springer}
}

@article{ces2021codebook,
	title={The 2021 Canadian Election Study},
	author={Stephenson, Laura B. and Harell, Allison and Rubenson, Daniel and Loewen, Peter John},
	year={2021},
	journal={[codebook]}
}

@data{bes_2024,
title={British Election Study Internet Panel Waves 1-29},
author={Fieldhouse, Ed and Green, Jane and Evans, Geoff and Mellon, Jonathan and Prosser, Christopher and Bailey, Jack and de Geus, Roosmarijn A. and Schmitt, Hermann and van der Eijk, Cees and Griffiths, James and Perrett, Stuart},
year={2024},
url = {https://doi.org/10.5255/UKDA-SN-8202-2},
doi = {10.5255/UKDA-SN-8202-2}}

@data{anes_2024,
author={{American National Election Studies}},
title={ANES 2016-2020 Panel Study Merged File [dataset and documentation]},
year={2024},
version={May 15, 2024 version},
url={www.electionstudies.org}}


@data{bavaria_2017,
author = {Zittlau, Stefen and Gschwend, Thomas and Blais, André and Stephenson, Laura},
publisher = {Harvard Dataverse},
title = {{MEDW 2013-2014 Bavaria Panel Study}},
year = {2017},
version = {V1},
doi = {10.7910/DVN/YAHN5S},
url = {https://doi.org/10.7910/DVN/YAHN5S}
}

@article{gosling2003very,
  title={A very brief measure of the Big-Five personality domains},
  author={Gosling, Samuel D and Rentfrow, Peter J and Swann Jr, William B},
  journal={Journal of Research in personality},
  volume={37},
  number={6},
  pages={504--528},
  year={2003},
  publisher={Elsevier}
}

@inproceedings{riaz2021effect,
  title={Effect of Mental Workload Related Stress on Physiological Signals},
  author={Riaz, Roha and Naz, Nuzhat and Javed, Mnahil and Toor, Hamza and others},
  booktitle={2020 IEEE-EMBS Conference on Biomedical Engineering and Sciences (IECBES)},
  pages={339--344},
  year={2021},
  organization={IEEE}
}

@article{tao2019systematic,
  title={A systematic review of physiological measures of mental workload},
  author={Tao, Da and Tan, Haibo and Wang, Hailiang and Zhang, Xu and Qu, Xingda and Zhang, Tingru},
  journal={International journal of environmental research and public health},
  volume={16},
  number={15},
  pages={2716},
  year={2019},
  publisher={MDPI}
}

@incollection{andreassi2000activity,
  author={Andreassi, John L.},
  title={Electrodermal Activity (EDA) and Behavior},
  editor={Andreassi, John L.},
  booktitle={Psychophysiology: Human Behavior and Physiological Response},
  publisher={Mahwah, NJ: Lawrence Erlbaum},
  year={2000},
  pages={145-160},
  chapter={9}
}

@incollection{krupnikov2021convenience,
  title={Convenience samples in political science experiments},
  author={Krupnikov, Yanna and Nam, H Hannah and Style, Hillary},
  editor={Druckman, James N and Green, Donald P},
  booktitle={Advances in experimental political science},
  pages={165-183},
  year={2021},
  publisher={Cambridge University Press Cambridge},
  chapter={9}
}

@book{druckman2022experimental,
  title={Experimental thinking},
  author={Druckman, James N},
  year={2022},
  publisher={Cambridge University Press}
}

@article{brishtel2020mind,
  title={Mind wandering in a multimodal reading setting: Behavior analysis \& automatic detection using eye-tracking and an eda sensor},
  author={Brishtel, Iuliia and Khan, Anam Ahmad and Schmidt, Thomas and Dingler, Tilman and Ishimaru, Shoya and Dengel, Andreas},
  journal={Sensors},
  volume={20},
  number={9},
  pages={2546},
  year={2020},
  publisher={MDPI}
}

@article{venables1973mechanisms,
  title={Mechanisms, instrumentation, recording techniques, and quantification of responses},
  author={Venables, PH and Christie, MJ},
  journal={Electrodermal activity in psychological research},
  pages={1--124},
  year={1973},
  publisher={Elsevier}
}

@article{eason1965performance,
  title={Performance and physiological indicants of activation in a vigilance situation},
  author={Eason, Robert G and Beardshall, Ann and Jaffee, Stanley},
  journal={Perceptual and Motor Skills},
  volume={20},
  number={1},
  pages={3--13},
  year={1965},
  publisher={SAGE Publications Sage CA: Los Angeles, CA}
}

@article{krupski1971physiological,
  title={Physiological and personality correlates of commission errors in an auditory vigilance task},
  author={Krupski, Antoinette and Raskin, David C and Bakan, Paul},
  journal={Psychophysiology},
  volume={8},
  number={3},
  pages={304--311},
  year={1971},
  publisher={Wiley Online Library}
}

@article{chow1960tests,
  title={Tests of equality between sets of coefficients in two linear regressions},
  author={Chow, Gregory C},
  journal={Econometrica: Journal of the Econometric Society},
  pages={591--605},
  year={1960},
  publisher={JSTOR}
}

@book{little2019statistical,
  title={Statistical analysis with missing data},
  author={Little, Roderick JA and Rubin, Donald B},
  volume={793},
  year={2019},
  publisher={John Wiley \& Sons}
}

@article{yeager2019moderation,
  title={Moderation of classic social psychological effects by demographics in the US adult population: New opportunities for theoretical advancement.},
  author={Yeager, David S and Krosnick, Jon A and Visser, Penny S and Holbrook, Allyson L and Tahk, Alex M},
  journal={Journal of Personality and Social Psychology},
  volume={117},
  number={6},
  pages={e84},
  year={2019},
  publisher={American Psychological Association}
}


@book{greene_econometric_2018,
	address = {New York, NY},
	edition = {Eighth edition.},
	title = {Econometric analysis},
	isbn = {978-0-13-446136-6},
	publisher = {Pearson},
	author = {Greene, William H.},
	year = {2018},
	keywords = {Econometrics},
	annote = {Includes bibliographical references (pages 1054-1097) and index.},
}

@article{systemfit,
    title = {systemfit: A Package for Estimating Systems of
      Simultaneous Equations in R},
    author = {Arne Henningsen and Jeff D. Hamann},
    journal = {Journal of Statistical Software},
    year = {2007},
    volume = {23},
    number = {4},
    pages = {1--40},
    url = {https://www.jstatsoft.org/v23/i04/},
  }

@manual{r_cite,
    title = {R: A Language and Environment for Statistical Computing},
    author = {{R Core Team}},
    organization = {R Foundation for Statistical Computing},
    address = {Vienna, Austria},
    year = {2024},
    url = {https://www.R-project.org/},
  }

 @book{car,
    title = {An {R} Companion to Applied Regression},
    edition = {Third},
    author = {John Fox and Sanford Weisberg},
    year = {2019},
    publisher = {Sage},
    address = {Thousand Oaks {CA}},
    url = {https://www.john-fox.ca/Companion/},
  }

@book{theil1971principles,
  title={Principles of econometrics},
  author={Theil, Henri},
  year={1971},
  publisher={New York: Wiley}
}

@article{mcelroy1977goodness,
  title={Goodness of fit for seemingly unrelated regressions: Glahn's R2y. x and Hooper's r2},
  author={McElroy, Marjorie B},
  journal={Journal of econometrics},
  volume={6},
  number={3},
  pages={381--387},
  year={1977},
  publisher={Elsevier}
}

@article{luskin2011don,
  title={“Don’t know” means “don’t know”: DK responses and the public’s level of political knowledge},
  author={Luskin, Robert C and Bullock, John G},
  journal={The Journal of Politics},
  volume={73},
  number={2},
  pages={547--557},
  year={2011},
  publisher={Cambridge University Press New York, USA}
}

@article{lodge2007rationalizing,
  title={The rationalizing voter: Unconscious thought in political information processing},
  author={Lodge, Milton and Taber, Charles S},
  journal={Available at SSRN 1077972},
  year={2007}
}

@article{silber2019impact,
  title={The impact of respondent attentiveness on reliability and validity},
  author={Silber, Henning and Danner, Daniel and Rammstedt, Beatrice},
  journal={International Journal of Social Research Methodology},
  volume={22},
  number={2},
  pages={153--164},
  year={2019},
  publisher={Taylor \& Francis}
}

@article{pyo2021cognitive,
  title={Cognitive effects of inattentive responding in an MTurk sample},
  author={Pyo, Jimin and Maxfield, Michael G},
  journal={Social Science Quarterly},
  volume={102},
  number={4},
  pages={2020--2039},
  year={2021},
  publisher={Wiley Online Library}
}

@article{hauser2015sa,
  title={It’sa trap! Instructional manipulation checks prompt systematic thinking on “tricky” tasks},
  author={Hauser, David J and Schwarz, Norbert},
  journal={Sage Open},
  volume={5},
  number={2},
  pages={2158244015584617},
  year={2015},
  publisher={SAGE Publications Sage CA: Los Angeles, CA}
}

@article{abbey2017attention,
  title={Attention by design: Using attention checks to detect inattentive respondents and improve data quality},
  author={Abbey, James D and Meloy, Margaret G},
  journal={Journal of Operations Management},
  volume={53},
  pages={63--70},
  year={2017},
  publisher={Elsevier}
}

@article{bruhlmann2020quality,
  title={The quality of data collected online: An investigation of careless responding in a crowdsourced sample},
  author={Br{\"u}hlmann, Florian and Petralito, Serge and Aeschbach, Lena F and Opwis, Klaus},
  journal={Methods in Psychology},
  volume={2},
  pages={100022},
  year={2020},
  publisher={Elsevier}
}

@article{conrad2017reducing, 
title={Reducing speeding in web surveys by providing immediate feedback}, 
volume={11}, 
number={1}, 
journal={Survey Research Methods}, 
author={Conrad, Frederick and Tourangeau, Roger and Couper, Mick and Zhang, Chan}, 
year={2017}, 
pages={45–61} 
}

@article{bishop2001response,
  title={Response-order effects and the early Gallup split-ballots},
  author={Bishop, George and Smith, Andrew},
  journal={Public Opinion Quarterly},
  volume={65},
  number={4},
  pages={479--505},
  year={2001},
  publisher={Oxford University Press}
}

@article{cacioppo1996dispositional,
  title={Dispositional differences in cognitive motivation: The life and times of individuals varying in need for cognition.},
  author={Cacioppo, John T and Petty, Richard E and Feinstein, Jeffrey A and Jarvis, W Blair G},
  journal={Psychological bulletin},
  volume={119},
  number={2},
  pages={197},
  year={1996},
  publisher={American Psychological Association}
}

@article{knauper1999impact,
  title={The impact of age and education on response order effects in attitude measurement},
  author={Knauper, Barbel},
  journal={Public Opinion Quarterly},
  pages={347--370},
  year={1999},
  publisher={JSTOR}
}

@article{paas2018instructional,
  title={Instructional manipulation checks: A longitudinal analysis with implications for MTurk},
  author={Paas, Leonard J and Dolnicar, Sara and Karlsson, Logi},
  journal={International Journal of Research in Marketing},
  volume={35},
  number={2},
  pages={258--269},
  year={2018},
  publisher={Elsevier}
}

@article{gummer2021using,
  title={Using instructed response items as attention checks in web surveys: Properties and implementation},
  author={Gummer, Tobias and Ro{\ss}mann, Joss and Silber, Henning},
  journal={Sociological Methods \& Research},
  volume={50},
  number={1},
  pages={238--264},
  year={2021},
  publisher={Sage Publications Sage CA: Los Angeles, CA}
}

@article{kapelner2010preventing,
  title={Preventing satisficing in online surveys},
  author={Kapelner, Adam and Chandler, Dana},
  journal={Proceedings of CrowdConf},
  volume={202},
  year={2010}
}

@book{allison2009fixed,
  title={Fixed effects regression models},
  author={Allison, Paul D},
  year={2009},
  publisher={SAGE publications}
}

@article{pickup2022transformed,
  title={Transformed-likelihood estimators for dynamic panel models with a very small T},
  author={Pickup, Mark and Hopkins, Vincent},
  journal={Political Science Research and Methods},
  volume={10},
  number={2},
  pages={333--352},
  year={2022},
  publisher={Cambridge University Press}
}

@article{wawro2002estimating,
  title={Estimating dynamic panel data models in political science},
  author={Wawro, Gregory},
  journal={Political Analysis},
  volume={10},
  number={1},
  pages={25--48},
  year={2002},
  publisher={Cambridge University Press}
}

@article{blais2010making,
  title={Making electoral democracy work},
  author={Blais, Andr{\'e}},
  journal={Electoral studies},
  volume={29},
  number={1},
  pages={169--170},
  year={2010},
  publisher={Elsevier}
}

@article{gelfand2011differences,
  title={Differences between tight and loose cultures: A 33-nation study},
  author={Gelfand, Michele J and Raver, Jana L and Nishii, Lisa and Leslie, Lisa M and Lun, Janetta and Lim, Beng Chong and Duan, Lili and Almaliach, Assaf and Ang, Soon and Arnadottir, Jakobina and others},
  journal={science},
  volume={332},
  number={6033},
  pages={1100--1104},
  year={2011},
  publisher={American Association for the Advancement of Science}
}

@article{nickell1981biases,
  title={Biases in dynamic models with fixed effects},
  author={Nickell, Stephen},
  journal={Econometrica: Journal of the econometric society},
  pages={1417--1426},
  year={1981},
  publisher={JSTOR}
}

@article{nerlove1967experimental,
  title={Experimental evidence on the estimation of dynamic economic relations from a time series of cross-section},
  author={Nerlove, Marc},
  journal={The Economic Studies Quarterly},
  volume={18},
  number={3},
  pages={42--74},
  year={1967}
}

@article{nerlove1971further,
  title={Further evidence on the estimation of dynamic economic relations from a time series of cross sections},
  author={Nerlove, Marc},
  journal={Econometrica: Journal of the Econometric Society},
  pages={359--382},
  year={1971},
  publisher={JSTOR}
}

@article{lancaster2002orthogonal,
  title={Orthogonal parameters and panel data},
  author={Lancaster, Tony},
  journal={The Review of Economic Studies},
  volume={69},
  number={3},
  pages={647--666},
  year={2002},
  publisher={Wiley-Blackwell}
}

@article{hsiao2002maximum,
  title={Maximum likelihood estimation of fixed effects dynamic panel data models covering short time periods},
  author={Hsiao, Cheng and Pesaran, M Hashem and Tahmiscioglu, A Kamil},
  journal={Journal of econometrics},
  volume={109},
  number={1},
  pages={107--150},
  year={2002},
  publisher={Elsevier}
}

@book{hsiao2022analysis,
  title={Analysis of panel data},
  author={Hsiao, Cheng},
  number={64},
  year={2022},
  publisher={Cambridge university press}
}

@article{lenzner2014left,
  title={Left feels right: A usability study on the position of answer boxes in web surveys},
  author={Lenzner, Timo and Kaczmirek, Lars and Galesic, Mirta},
  journal={Social Science Computer Review},
  volume={32},
  number={6},
  pages={743--764},
  year={2014},
  publisher={Sage Publications Sage CA: Los Angeles, CA}
}

@article{menold2020rating,
  title={Rating-scale labeling in online surveys: An experimental comparison of verbal and numeric rating scales with respect to measurement quality and respondents’ cognitive processes},
  author={Menold, Natalja},
  journal={Sociological Methods \& Research},
  volume={49},
  number={1},
  pages={79--107},
  year={2020},
  publisher={Sage Publications Sage CA: Los Angeles, CA}
}

@article{johnson2005ascertaining,
  title={Ascertaining the validity of individual protocols from web-based personality inventories},
  author={Johnson, John A},
  journal={Journal of research in personality},
  volume={39},
  number={1},
  pages={103--129},
  year={2005},
  publisher={Elsevier}
}

@article{kane2024more,
  title={More than meets the ITT: A guide for anticipating and investigating nonsignificant results in survey experiments},
  author={Kane, John V},
  journal={Journal of Experimental Political Science},
  pages={1--16},
  year={2024},
  publisher={Cambridge University Press}
}

@article{udell2016generalized,
  title={Generalized low rank models},
  author={Udell, Madeleine and Horn, Corinne and Zadeh, Reza and Boyd, Stephen and others},
  journal={Foundations and Trends{\textregistered} in Machine Learning},
  volume={9},
  number={1},
  pages={1--118},
  year={2016},
  publisher={Now Publishers, Inc.}
}

@book{boehmke2019hands,
  title={Hands-on machine learning with R},
  author={Boehmke, Brad and Greenwell, Brandon M},
  year={2019},
  publisher={Chapman and Hall/CRC}
}

@article{pearson1901liii,
  title={LIII. On lines and planes of closest fit to systems of points in space},
  author={Pearson, Karl},
  journal={The London, Edinburgh, and Dublin philosophical magazine and journal of science},
  volume={2},
  number={11},
  pages={559--572},
  year={1901},
  publisher={Taylor \& Francis}
}

@article{banfield1993model,
  title={Model-based Gaussian and non-Gaussian clustering},
  author={Banfield, Jeffrey D and Raftery, Adrian E},
  journal={Biometrics},
  pages={803--821},
  year={1993},
  publisher={JSTOR}
}

@article{tversky1981framing,
  title={The framing of decisions and the psychology of choice},
  author={Tversky, Amos and Kahneman, Daniel},
  journal={science},
  volume={211},
  number={4481},
  pages={453--458},
  year={1981},
  publisher={American Association for the Advancement of Science}
}

@data{ces2021,
author = {Stephenson, Laura B and Harell, Allison and Rubenson, Daniel and Loewen, Peter John},
publisher = {Harvard Dataverse},
title = {{2021 Canadian Election Study (CES)}},
UNF = {UNF:6:UImDcX6kd5FnExyB5kM18Q==},
year = {2022},
version = {V3},
doi = {10.7910/DVN/XBZHKC},
url = {https://doi.org/10.7910/DVN/XBZHKC}
}

@article{zorowitz2023inattentive,
  title={Inattentive responding can induce spurious associations between task behaviour and symptom measures},
  author={Zorowitz, Samuel and Solis, Johanne and Niv, Yael and Bennett, Daniel},
  journal={Nature human behaviour},
  volume={7},
  number={10},
  pages={1667--1681},
  year={2023},
  publisher={Nature Publishing Group UK London}
}

@article{thomas2015prevalence,
  title={Prevalence of attention-deficit/hyperactivity disorder: a systematic review and meta-analysis},
  author={Thomas, Rae and Sanders, Sharon and Doust, Jenny and Beller, Elaine and Glasziou, Paul},
  journal={Pediatrics},
  volume={135},
  number={4},
  pages={e994--e1001},
  year={2015},
  publisher={American Academy of Pediatrics Elk Grove Village, IL, USA}
}

@article{rubin1976inference,
  title={Inference and missing data},
  author={Rubin, Donald B},
  journal={Biometrika},
  volume={63},
  number={3},
  pages={581--592},
  year={1976},
  publisher={Oxford University Press}
}

@article{blair_cooper_coppock_humphreys_2019,
    title = {Declaring and Diagnosing Research Designs},
    author = {Graeme Blair and Jasper Cooper and Alexander Coppock and Macartan Humphreys},
    journal = {American Political Science Review},
    volume = {113},
    issue = {3},
    pages = {838-859},
    year = {2019},
    url = {https://declaredesign.org/paper.pdf},
  }

@article{imai2008misunderstandings,
  title={Misunderstandings between experimentalists and observationalists about causal inference},
  author={Imai, Kosuke and King, Gary and Stuart, Elizabeth A},
  journal={Journal of the Royal Statistical Society Series A: Statistics in Society},
  volume={171},
  number={2},
  pages={481--502},
  year={2008},
  publisher={Oxford University Press}
}

 @article{mokken2012,
    title = {New Developments in Mokken Scale Analysis in {R}},
    author = {L. Andries {Van der Ark}},
    journal = {Journal of Statistical Software},
    year = {2012},
    volume = {48},
    number = {5},
    pages = {1--27},
    doi = {10.18637/jss.v048.i05},
  }

@book{van2011ordinal,
  title={Ordinal item response theory: Mokken scale analysis},
  author={Van Schuur, Wijbrandt H},
  year={2011},
  publisher={Sage}
}

@article{treier2008democracy,
  title={Democracy as a latent variable},
  author={Treier, Shawn and Jackman, Simon},
  journal={American Journal of Political Science},
  volume={52},
  number={1},
  pages={201--217},
  year={2008},
  publisher={Wiley Online Library}
}

@article{chib1998mcmc,
  title={MCMC Methods for Fitting and Comparing Multinomial Response Models},
  author={Chib, Siddhartha and Greenberg, Edward and Chen, Yuxin},
  year={1998}
}

@article{mcmcpack2011,
    title = {{MCMCpack}: Markov Chain Monte Carlo in {R}},
    author = {Andrew D. Martin and Kevin M. Quinn and Jong Hee Park},
    year = {2011},
    journal = {Journal of Statistical Software},
    year = {2011},
    volume = {42},
    number = {9},
    pages = {22},
    doi = {10.18637/jss.v042.i09},
  }

@book{diggle2002analysis,
  title={Analysis of longitudinal data},
  author={Diggle, Peter and Liang, Kung-Yee and Zeger, Scott L.},
  year={2002},
  publisher={Oxford university press}
}

@article{hillygus2003voter,
  title={Voter decision making in election 2000: Campaign effects, partisan activation, and the Clinton legacy},
  author={Hillygus, D Sunshine and Jackman, Simon},
  journal={American Journal of Political Science},
  volume={47},
  number={4},
  pages={583--596},
  year={2003},
  publisher={Wiley Online Library}
}

@Book{nnet2002,
    title = {Modern Applied Statistics with S},
    author = {W. N. Venables and B. D. Ripley},
    publisher = {Springer},
    edition = {Fourth},
    address = {New York},
    year = {2002},
    note = {ISBN 0-387-95457-0},
    url = {https://www.stats.ox.ac.uk/pub/MASS4/},
  }